% Encoding: UTF-8

@Article{Taminau2012,
  author          = {Taminau, Jonatan and Meganck, Stijn and Lazar, Cosmin and
                  Steenhoff, David and Coletta, Alain and Molter, Colin and
                  Duque, Robin and de Schaetzen, Virginie and Sol\'{i}s, David
                  Y. Weiss and Bersini, Hugues and Now\'{e}, Ann},
  journal         = {{BMC} Bioinformatics},
  title           = {{U}nlocking the potential of publicly available microarray
                  data using in{S}ilico{D}b and in{S}ilico{M}erging
                  {R}/{B}ioconductor packages},
  year            = 2012,
  month           = {dec},
  number          = 1,
  volume          = 13,
  doi             = {10.1186/1471-2105-13-335},
  publisher       = {Springer Nature},
}

@Article{Sims2008,
  author    = {Sims, Andrew H. and Smethurst, Graeme J. and Hey, Yvonne and Okoniewski, Michal J. and Pepper, Stuart D. and Howell, Anthony and Miller, Crispin J. and Clarke, Robert B.},
  journal   = {{BMC} Medical Genomics},
  title     = {The removal of multiplicative, systematic bias allows integration of breast cancer gene expression datasets {\textendash} improving meta-analysis and prediction of prognosis},
  year      = {2008},
  month     = {sep},
  number    = {1},
  volume    = {1},
  doi       = {10.1186/1755-8794-1-42},
  publisher = {Springer Science and Business Media {LLC}},
}

@Article{Johnson2006,
  author    = {W. Evan Johnson and Cheng Li and Ariel Rabinovic},
  journal   = {Biostatistics},
  title     = {Adjusting batch effects in microarray expression data using empirical {B}ayes methods},
  year      = {2006},
  month     = {apr},
  number    = {1},
  pages     = {118--127},
  volume    = {8},
  doi       = {10.1093/biostatistics/kxj037},
  publisher = {Oxford University Press ({OUP})},
}

@Article{Amodio2018,
  author  = {Amodio, Matthew and Montgomery, Ruth and Pappalardo, Jenna and Hafler, David and Krishnaswamy, Smita},
  journal = {arXiv preprint arXiv:1805.12198},
  title   = {{N}euron interference: {E}vidence-based batch effect removal},
  year    = {2018},
}

@Article{Shaham2017,
  author    = {Shaham, Uri and Stanton, Kelly P. and Zhao, Jun and Li, Huamin and Raddassi, Khadir and Montgomery, Ruth and Kluger, Yuval},
  journal   = {Bioinformatics},
  title     = {Removal of batch effects using distribution-matching residual networks},
  year      = {2017},
  month     = {apr},
  number    = {16},
  pages     = {2539--2546},
  volume    = {33},
  doi       = {10.1093/bioinformatics/btx196},
  editor    = {Jonathan Wren},
  publisher = {Oxford University Press ({OUP})},
}

@Article{Bushel2012,
  author  = {Bushel, P.},
  journal = {vol. R Package Version},
  title   = {pvca: {P}rincipal variance component analysis ({PVCA})},
  year    = {2012},
  number  = {0},
  volume  = {1},
}

@Comment{jabref-meta: databaseType:bibtex;}
