@article{turin1950imitation,
  title={The Imitation Game},
  author={Turin, AM},
  journal={Computing Machinery and Intelligence},
  year={1950}
}
