@inproceedings{belilovsky2017learning,
  title={Learning to discover sparse graphical models},
  author={Belilovsky, Eugene and Kastner, Kyle and Varoquaux, Ga{\"e}l and Blaschko, Matthew B},
  booktitle={Proceedings of the 34th International Conference on Machine Learning-Volume 70},
  pages={440--448},
  year={2017},
  organization={JMLR. org}
}
@article{danaher2014joint,
  title={The joint graphical lasso for inverse covariance estimation across multiple classes},
  author={Danaher, Patrick and Wang, Pei and Witten, Daniela M},
  journal={Journal of the Royal Statistical Society: Series B (Statistical Methodology)},
  volume={76},
  number={2},
  pages={373--397},
  year={2014},
  publisher={Wiley Online Library}
}
@article{ryali2012estimation,
  title={Estimation of functional connectivity in fMRI data using stability selection-based sparse partial correlation with elastic net penalty},
  author={Ryali, Srikanth and Chen, Tianwen and Supekar, Kaustubh and Menon, Vinod},
  journal={NeuroImage},
  volume={59},
  number={4},
  pages={3852--3861},
  year={2012},
  publisher={Elsevier}
}
@inproceedings{varoquaux2010brain,
  title={Brain covariance selection: better individual functional connectivity models using population prior},
  author={Varoquaux, Ga{\"e}l and Gramfort, Alexandre and Poline, Jean-Baptiste and Thirion, Bertrand},
  booktitle={Advances in neural information processing systems},
  pages={2334--2342},
  year={2010}
}
@inproceedings{andoni2014learning,
  title={Learning polynomials with neural networks},
  author={Andoni, Alexandr and Panigrahy, Rina and Valiant, Gregory and Zhang, Li},
  booktitle={International Conference on Machine Learning},
  pages={1908--1916},
  year={2014}
}
