% Encoding: UTF-8

@Book{JudeaPearl2018,
  author    = {Judea Pearl, Dana Mackenzie},
  publisher = {Hachette Book Group USA},
  title     = {{T}he {B}ook of {W}hy},
  year      = {2018},
  isbn      = {046509760X},
  date      = {2018-05-15},
  ean       = {9780465097609},
  pagetotal = {432},
  url       = {https://www.ebook.de/de/product/30501615/judea_pearl_dana_mackenzie_the_book_of_why.html},
}

@InProceedings{Balke1994,
  author    = {Alexander Balke and Judea Pearl},
  booktitle = {Proceedings of the 12th National Conference on Artificial Intelligence, Seattle, WA, USA, July 31 - August 4, 1994, Volume 1},
  title     = {{P}robabilistic {E}valuation of {C}ounterfactual {Q}ueries},
  year      = {1994},
  editor    = {Barbara Hayes{-}Roth and Richard E. Korf},
  pages     = {230--237},
  publisher = {{AAAI} Press / The {MIT} Press},
  bibsource = {dblp computer science bibliography, https://dblp.org},
  biburl    = {https://dblp.org/rec/conf/aaai/BalkeP94.bib},
  url       = {http://www.aaai.org/Library/AAAI/1994/aaai94-035.php},
}

@Article{Richardson2013,
  author  = {Richardson, Thomas S. and Robins, James M.},
  journal = {Center for the Statistics and the Social Sciences, University of Washington Series. Working Paper},
  title   = {Single world intervention graphs ({SWIG}s): {A} unification of the counterfactual and graphical approaches to causality},
  year    = {2013},
  number  = {30},
  pages   = {2013},
  volume  = {128},
}

@Article{Li2012,
  author    = {Mingxiang Li},
  journal   = {Organizational Research Methods},
  title     = {Using the {P}ropensity {S}core {M}ethod to {E}stimate {C}ausal {E}ffects},
  year      = {2012},
  month     = {jun},
  number    = {2},
  pages     = {188--226},
  volume    = {16},
  doi       = {10.1177/1094428112447816},
  publisher = {{SAGE} Publications},
}

@Comment{jabref-meta: databaseType:bibtex;}
