% Encoding: UTF-8

@Book{Spirtes2001,
  author    = {Spirtes, Peter},
  publisher = {MIT University Press Group Ltd},
  title     = {{C}ausation, {P}rediction and {S}earch},
  year      = {2001},
  isbn      = {0262194406},
  date      = {2001-03-11},
  ean       = {9780262194402},
  url       = {https://www.amazon.com/Causation-Prediction-Adaptive-Computation-Learning/dp/0262194406},
}

@Book{Pearl2009,
  author    = {Judea Pearl},
  publisher = {Cambridge University Press},
  title     = {Causality},
  year      = {2009},
  doi       = {10.1017/cbo9780511803161},
}

@InCollection{Robinson1977,
  author    = {R. W. Robinson},
  booktitle = {Lecture Notes in Mathematics},
  publisher = {Springer Berlin Heidelberg},
  title     = {Counting unlabeled acyclic digraphs},
  year      = {1977},
  pages     = {28--43},
  doi       = {10.1007/bfb0069178},
}

@Article{Yamada2014,
  author    = {Makoto Yamada and Wittawat Jitkrittum and Leonid Sigal and Eric P. Xing and Masashi Sugiyama},
  journal   = {Neural Computation},
  title     = {{H}igh-{D}imensional {F}eature {S}election by {F}eature-{W}ise {K}ernelized {L}asso},
  year      = {2014},
  month     = {jan},
  number    = {1},
  pages     = {185--207},
  volume    = {26},
  doi       = {10.1162/neco_a_00537},
  publisher = {{MIT} Press - Journals},
}

@Comment{jabref-meta: databaseType:bibtex;}
